@article{rawat2019linearizedsoftmax,
  author    = {Ankit Singh Rawat and
               Jiecao Chen and
               Felix X. Yu and
               Ananda Theertha Suresh and
               Sanjiv Kumar},
  title     = {Sampled Softmax with Random Fourier Features},
  journal   = {CoRR},
  volume    = {abs/1907.10747},
  year      = {2019},
  url       = {http://arxiv.org/abs/1907.10747},
  archivePrefix = {arXiv},
  eprint    = {1907.10747},
  timestamp = {Thu, 01 Aug 2019 08:59:33 +0200},
  biburl    = {https://dblp.org/rec/journals/corr/abs-1907-10747.bib},
  bibsource = {dblp computer science bibliography, https://dblp.org}
}

@misc{choromanski2020rethinking,
      title={Rethinking Attention with Performers}, 
      author={Krzysztof Choromanski and Valerii Likhosherstov and David Dohan and Xingyou Song and Andreea Gane and Tamas Sarlos and Peter Hawkins and Jared Davis and Afroz Mohiuddin and Lukasz Kaiser and David Belanger and Lucy Colwell and Adrian Weller},
      year={2020},
      eprint={2009.14794},
      archivePrefix={arXiv},
      primaryClass={cs.LG}
}

@article{obermeyer2019tve,
  title={Tensor Variable Elimination for Plated Factor Graphs},
  author={F. Obermeyer and Eli Bingham and M. Jankowiak and Justin T Chiu and Neeraj Pradhan and Alexander M. Rush and Noah D. Goodman},
  journal={ArXiv},
  year={2019},
  volume={abs/1902.03210}
}
